@article{conrad,
    author =       "Keith Conrad",
    title =        "Finite Fields",
    journal =      "Expository papers",
    volume =       "5",
    number =       "3",
    DOI =          "http://www.math.uconn.edu/~kconrad/blurbs/galoistheory/finitefields.pdf",
    keywords =     "finite fields"
}

@book{stewart,
    title={Galois Theory},
    author={Ian Stewart},
    series={Series on Number Theory and Algebra},
    year={1989},
    publisher={University Press},
    keywords = {numbery theory}
}

@online{arithmetic,
    author = "Wikipedia",
    title = "Furer's Algorithm for Integer Multiplication",
    url = "https://en.wikipedia.org/wiki/Furer's_algorithm",
    keyworkds = "furer, fast, integer arithmetic"
}

@online{gauss,
    author    = "Wikipedia",
    title     = "Gauss Lemma",
    url       = "https://en.wikipedia.org/wiki/Gauss's_lemma_(polynomial)",
    keywords  = "gauss, number theory"
}
